<record xmlns="http://www.loc.gov/MARC21/slim" xmlns:xsi="http://www.w3.org/2001/XMLSchema-instance" xsi:schemaLocation="http://www.loc.gov/MARC21/slim http://www.loc.gov/standards/marcxml/schema/MARC21slim.xsd">

  <leader>01490nab a2200169   4500</leader>
  <controlfield tag="005">20160331155320.0</controlfield>
  <controlfield tag="008">160126b2009    cr f|||| |||| 00| 0 spa d</controlfield>
  <datafield tag="090" ind1=" " ind2=" ">
    <subfield code="a">REVIS 06.02.01</subfield>
  </datafield>
  <datafield ind2=" " ind1="1" tag="100">
    <subfield code="9">618</subfield>
    <subfield code="a">Moreira Mora, Tania Elena</subfield>
  </datafield>
  <datafield tag="245" ind2="0" ind1="1">
    <subfield code="a">Factores endógenos y exógenos asociados al rendimiento en matemática: un análisis multinivel /</subfield>
    <subfield code="c">Moreira Mora, Tania Elena</subfield>
  </datafield>
  <datafield tag="260" ind2=" " ind1=" ">
    <subfield code="a">San José, Costa Rica : </subfield>
    <subfield code="b">Editorial Universidad de Costa Rica,</subfield>
    <subfield code="c">2009</subfield>
  </datafield>
  <datafield ind1=" " ind2=" " tag="300">
    <subfield code="a">páginas 61-80</subfield>
  </datafield>
  <datafield tag="520" ind2=" " ind1=" ">
    <subfield code="a">El propósito de este estudio fue identificar las variables exógenas y endógenas asociadas al rendimiento en la prueba de matématica de bachillerato en educación media, aplicada a los estudiantes de colegios públicos académicos diurnos de la modalidad formal del sistema educativo de Costa Rica, en la convocatoria ordinaria 2004. De acuerdo con los resultados estadísticos del modelo multinivel, se comprobó tanto la asociación de algunas variables exógenas de la institución, del grupo docente y su relación con el estudiantado, así como el historial académico y el contexto  familiar en el nivel de los factores endógenos. Este estudio debe considerarse como una aproximación a un fenómeno educativo sumamente complejo como lo es el rendimiento en Matemática</subfield>
  </datafield>
  <datafield ind2="4" ind1="1" tag="650">
    <subfield code="9">1</subfield>
    <subfield code="a">EDUCACIÓN</subfield>
  </datafield>
  <datafield ind1="0" ind2=" " tag="773">
    <subfield code="d">San José, Costa Rica : Editorial de la Universidad de Costa Rica, 1997-</subfield>
    <subfield code="o">R0312</subfield>
    <subfield code="t">EDUCACIÓN: Revista de la Universidad de Costa Rica</subfield>
    <subfield code="g">Vol.33, no.2 (2009) </subfield>
  </datafield>
  <datafield ind2=" " ind1=" " tag="942">
    <subfield code="2">z</subfield>
    <subfield code="c">10</subfield>
  </datafield>
  <datafield ind1=" " ind2=" " tag="999">
    <subfield code="c">3036</subfield>
    <subfield code="d">3036</subfield>
  </datafield>
</record>